@Article{Olympic_dataset,
    Author = {
        given = {Sport Reference}
    },
    Title = {120 years of Olympic history: atheletes and results},
    URL = { https://www.kaggle.com/heesoo37/120-years-of-olympic-history-athletes-and-results },
    publisher = { Kaggle },
    Year = { 2018 },
    Month = { 5 }
}