- id: Olympic_dataset
    title: 120 years of Olympic history: atheletes and results
    author:
    - given: Sport Reference
    URL: 'https://www.kaggle.com/heesoo37/120-years-of-olympic-history-athletes-and-results'
    publisher: Kaggle
    type: article-journal
    issued: 
        month: 5
        year: 2018
